% this is the bibliography file

@MISC{eve,
	title = "EVE Online",
	howpublished = {\url{http://www.eveonline.com/}},
	year = 2013
}

@MISC{mmo,
	title = "Massively Multiplayer Online",
	howpublished = {\url{http://en.wikipedia.org/wiki/Massively_multiplayer_online_game}},
	year = 2013
}

@MISC{rpg,
	title = "Role Playing Game",
	howpublished = {\url{http://en.wikipedia.org/wiki/Role_playing_game}},
	year = 2013
}

@MISC{ccp,
	title = "CCP Games",
	howpublished = {\url{http://www.ccpgames.com/en/home}},
	year = 2013
}

@MISC{evemon,
	title = "EVEMon",
	howpublished = {\url{http://evemon.battleclinic.com/}},
	year = 2013
}

@MISC{bc,
	title = "Battleclinic",
	howpublished = {\url{http://battleclinic.com/}},
	year = 2013
}

@MISC{evecentral,
	title = "EVE Central",
	howpublished = {\url{http://eve-central.com/}},
	year = 2013
}

@MISC{pyfa,
	title = "Python Fitting Assistant",
	howpublished = {\url{https://github.com/DarkFenX/Pyfa}},
	year = 2013
}

@MISC{sde,
	title = "EVE Online fansite toolkit",
	howpublished = {\url{http://community.eveonline.com/community/fansites/toolkit/}},
	year = 2013
}

@MISC{evekill,
	title = "eve-kill",
	howpublished = {\url{http://eve-kill.net/}},
	year = 2013
}

@MISC{zkb,
	title = "zKillboard",
	howpublished = {\url{http://zkillboard.com/}},
	year = 2013
}

@MISC{skills,
	title = "EVE Online skills",
	howpublished = {\url{http://wiki.eveonline.com/en/wiki/Skills_guide}},
	year = 2013
}

@MISC{500k,
	title = "Eve Online passes 500,000 subscribers",
	howpublished = {\url{http://www.edge-online.com/news/eve-online-passes-500000-subscribers/}},
	year = 2013
}

@MISC{bpo,
	title = "EVE Online Blueprints",
	howpublished = {\url{http://wiki.eveonline.com/en/wiki/Blueprint}},
	year = 2013
}

@MISC{poddeath,
	title = "EVE Online Pod Death",
	howpublished = {\url{http://wiki.eveonline.com/en/wiki/Pod_Death}},
	year = 2013
}

@BOOK{python,
	author = "Mark Lutz",
	title = "Programming Python",	
	publisher = "O'Reilly Media",
	year = 2011
}

@BOOK{mysql,
	author = "Paul DuBois",
	title = "MySQL",	
	publisher = "Addison-Wesley Professional",
	year = 2008
}

@BOOK{mysqlhigh,
	author = "Baron Schwartz and Peter Zaitsev and Vadim Tkachenko",
	title = "High Performance MySQL: Optimization, Backups, and Replication",	
	publisher = "O'Reilly Media",
	year = 2012
}

@BOOK{sqlite,
	author = "Jay A. Kreibich",
	title = "Using SQLite",	
	publisher = "O'Reilly Media",
	year = 2010
}

@BOOK{javascript,
	author = "David Flanagan",
	title = "JavaScript: The Definitive Guide: Activate Your Web Pages (Definitive Guides)",	
	publisher = "O'Reilly Media",
	year = 2011
}

@BOOK{jquery,
	author = "Jonathan Chaffer and Karl Swedberg",
	title = "Learning jQuery",
	publisher = "Packt Publishing",
	year = 2011
}

@MISC{jqueryui,
	title = "jQuery UI",
	howpublished = {\url{http://jqueryui.com/}},
	year = 2013
}

@BOOK{django,
	author = "Adrian Holovaty and Jacob Kaplan-Moss",
	title = "The Definitive Guide to Django: Web Development Done Right",
	publisher = "Apress",
	year = 2009
}

@MISC{html5,
	title = "HTML5",
	howpublished = {\url{http://www.w3schools.com/html/html5_intro.asp}},
	year = 2013
}

@MISC{html5data,
	title = "HTML 5 data- Attributes",
	howpublished = {\url{http://ejohn.org/blog/html-5-data-attributes/}},
	year = 2013
}

@MISC{css,
	title = "Cascading Style Sheets",
	howpublished = {\url{http://www.w3schools.com/css/}},
	year = 2013
}

@MISC{cssanimations,
	title = "CSS3 Animations",
	howpublished = {\url{http://www.w3schools.com/css3/css3_animations.asp}},
	year = 2013
}

@MISC{cssboxsizing,
	title = "CSS3 box-sizing Property",
	howpublished = {\url{http://www.w3schools.com/cssref/css3_pr_box-sizing.asp}},
	year = 2013
}

@MISC{capresearch,
	title = "Thoughts and research on the capacitor",
	howpublished = {\url{http://oldforums.eveonline.com/?a=topic&threadID=116993}},
	year = 2013
}

@MISC{stacking,
	title = "Stacking penalties",
	howpublished = {\url{http://wiki.eve-id.net/Stacking}},
	year = 2013
}

@MISC{em,
	title = "The amazing em unit and other best practices",
	howpublished = {\url{http://www.w3.org/WAI/GL/css2em.htm}},
	year = 2013
}

@MISC{memcached,
	title = "Memcached",
	howpublished = {\url{http://memcached.org/}},
	year = 2013
}

@MISC{nthtypeof,
	title = "CSS3 :nth-of-type() Selector",
	howpublished = {\url{http://www.w3schools.com/cssref/sel_nth-of-type.asp}},
	year = 2013
}

@MISC{sortable,
	title = "Sortable Widget API",
	howpublished = {\url{http://api.jqueryui.com/sortable/}},
	year = 2013
}

@MISC{filter,
	title = "Retrieving specific objects with filters",
	howpublished = {\url{https://docs.djangoproject.com/en/dev/topics/db/queries/#retrieving-specific-objects-with-filters}},
	year = 2013
}

@MISC{q,
	title = "Complex lookups with Q objects",
	howpublished = {\url{https://docs.djangoproject.com/en/dev/topics/db/queries/#complex-lookups-with-q-objects}},
	year = 2013
}

@MISC{compressor,
	title = "Django Compressor",
	howpublished = {\url{http://django_compressor.readthedocs.org/en/master/}},
	year = 2013
}
